@misc{uci-thesis-latex,
  title = {{LaTeX template for thesis and dissertation documents at UC Irvine}},
  author = {Otten, Lars},
  year = 2012,
  howpublished = {\url{https://github.com/lotten/uci-thesis-latex/}}
}

##########################
# Our own papers
##########################
@inproceedings{savrun2013,
  title={Efficient interpreter optimizations for the JVM},
  author={Savrun-Yeni{\c{c}}eri, G{\"u}lfem and Zhang, Wei and Zhang, Huahan and Li, Chen and Brunthaler, Stefan and Larsen, Per and Franz, Michael},
  booktitle={Proceedings of the 2013 International Conference on Principles and Practices of Programming on the Java Platform: Virtual Machines, Languages, and Tools},
  pages={113--123},
  year={2013},
  organization={ACM}
}

@article{savrun2014,
  title={Efficient hosted interpreters on the JVM},
  author={Savrun-Yeni{\c{c}}eri, G{\"u}lfem and Zhang, Wei and Zhang, Huahan and Seckler, Eric and Li, Chen and Brunthaler, Stefan and Larsen, Per and Franz, Michael},
  journal={ACM Transactions on Architecture and Code Optimization (TACO)},
  volume={11},
  number={1},
  pages={9},
  year={2014},
  publisher={ACM}
}

@inproceedings{Zhang+2014,
 author = {Zhang, Wei and Larsen, Per and Brunthaler, Stefan and Franz, Michael},
 title = {Accelerating Iterators in Optimizing AST Interpreters},
 booktitle = {Proceedings of the 2014 ACM International Conference on Object Oriented Programming Systems Languages \& Applications},
 series = {OOPSLA '14},
 year = {2014},
 isbn = {978-1-4503-2585-1},
 location = {Portland, Oregon, USA},
 pages = {727--743},
 numpages = {17},
 url = {http://doi.acm.org/10.1145/2660193.2660223},
 doi = {10.1145/2660193.2660223},
 acmid = {2660223},
 publisher = {ACM},
 address = {New York, NY, USA},
 keywords = {dynamic languages, generator, iterator, optimization, python},
} 

@incollection{Brunthaler2010inca,
 year={2010},
 isbn={978-3-642-14106-5},
 booktitle={ECOOP 2010 – Object-Oriented Programming},
 volume={6183},
 series={Lecture Notes in Computer Science},
 editor={D’Hondt, Theo},
 doi={10.1007/978-3-642-14107-2_21},
 title={{Inline Caching Meets Quickening}},
 publisher={Springer Berlin Heidelberg},
 author={Brunthaler, Stefan},
 pages={429-451},
 language={English}
}

@inproceedings{Brunthaler2010quickening,
 author = {Brunthaler, Stefan},
 title = {{Efficient Interpretation Using Quickening}},
 booktitle = {Proceedings of the 6th Symposium on Dynamic Languages},
 series = {DLS '10},
 year = {2010},
 isbn = {978-1-4503-0405-4},
 location = {Reno/Tahoe, Nevada, USA},
 pages = {1--14},
 numpages = {14},
 doi = {10.1145/1869631.1869633},
 acmid = {1869633},
 publisher = {ACM},
 address = {New York, NY, USA},
 keywords = {instruction format, interpreter, python, quickening, reference counting},
}

@INPROCEEDINGS{brunthaler+09,
  author = {Stefan Brunthaler},
  title = {Virtual-Machine Abstraction and Optimization Techniques},
  year = {2009},
  pages = {3--14},
  crossref = {bytecode'09},
  doi = {http://dx.doi.org/10.1016/j.entcs.2009.11.011},
  location = {York, United Kingdom},
  owner = {tommy},
  timestamp = {2009.01.01}
}

@INPROCEEDINGS{gal.etal+09,
  author = {Gal, Andreas and Eich, Brendan and Shaver, Mike and Anderson, David
  and Mandelin, David and Haghighat, Mohammad R. and Kaplan, Blake
  and Hoare, Graydon and Zbarsky, Boris and Orendorff, Jason and Ruderman,
  Jesse and Smith, Edwin W. and Reitmaier, Rick and Bebenita, Michael
  and Chang, Mason and Franz, Michael},
  title = {Trace-based just-in-time type specialization for dynamic languages},
  year = {2009},
  pages = {465--478},
  address = {New York, NY, USA},
  publisher = {ACM},
  crossref = {pldi'09},
  doi = {http://doi.acm.org/10.1145/1542476.1542528},
  isbn = {978-1-60558-392-1},
  owner = {tommy},
  timestamp = {2010.03.01}
}

@INPROCEEDINGS{chang.etal+09,
  author = {Chang, Mason and Smith, Edwin and Reitmaier, Rick and Bebenita, Michael
  and Gal, Andreas and Wimmer, Christian and Eich, Brendan and Franz,
  Michael},
  title = {Tracing for Web 3.0: {T}race Compilation for the Next Generation
  Web Applications},
  year = {2009},
  pages = {71--80},
  address = {New York, NY, USA},
  publisher = {ACM},
  crossref = {vee'09},
  doi = {http://doi.acm.org/10.1145/1508293.1508304},
  isbn = {978-1-60558-375-4},
  owner = {tommy},
  timestamp = {2010.03.01}
}

@INPROCEEDINGS{chang.etal+11,
  author = {Chang, M. and Mathiske, B. and Smith, E. and Chaudhuri, A. and Gal,
  A. and Bebenita, M. and Wimmer, C. and Franz, M.},
  title = {The Impact of Optional Type Information on JIT Compilation of Dynamically
  Typed Languages},
  year = {2011},
  organization = {ACM},
  note = {To appear},
  crossref = {dls'11},
  timestamp = {2011.09.08}
}

@INPROCEEDINGS{bebenita.etal+09,
  title = {Stream-Based Dynamic Compilation for Object-Oriented Languages},
  author = {Michael Bebenita and Mason Chang and Andreas Gal and Michael Franz},
  year = {2009},
  doi = {http://dx.doi.org/10.1007/978-3-642-02571-6_6},
  researchr = {http://researchr.org/publication/BebenitaCGF09},
  cites = {0},
  citedby = {0},
  pages = {77-95},
  booktitle = {Objects, Components, Models and Patterns, 47th International Conference, TOOLS EUROPE 2009, Zurich, Switzerland, June 29-July 3, 2009. Proceedings},
  editor = {Manuel Oriol and Bertrand Meyer},
  volume = {33},
  series = {Lecture Notes in Business Information Processing},
  publisher = {Springer},
  isbn = {978-3-642-02570-9},
}

@INPROCEEDINGS{bebenita.etal+10,
  author = {Michael Bebenita and Mason Chang and Gregor Wagner and Andreas Gal
  and Christian Wimmer and Michael Franz},
  title = {Trace-based compilation in execution environments without interpreters},
  booktitle = {PPPJ},
  year = {2010},
  pages = {59-68},
  crossref = {pppj'10},
  doi = {10.1145/1852761.1852771},
  timestamp = {2011.09.08}
}

@inproceedings{Bebenita+cil+2010,
 author = {Bebenita, Michael and Brandner, Florian and Fahndrich, Manuel and Logozzo, Francesco and Schulte, Wolfram and Tillmann, Nikolai and Venter, Herman},
 title = {SPUR: A Trace-based JIT Compiler for CIL},
 booktitle = {Proceedings of the ACM International Conference on Object Oriented Programming Systems Languages and Applications},
 series = {OOPSLA '10},
 year = {2010},
 isbn = {978-1-4503-0203-6},
 location = {Reno/Tahoe, Nevada, USA},
 pages = {708--725},
 numpages = {18},
 url = {http://doi.acm.org/10.1145/1869459.1869517},
 doi = {10.1145/1869459.1869517},
 acmid = {1869517},
 publisher = {ACM},
 address = {New York, NY, USA},
 keywords = {cil, dynamic compilation, javascript, just-in-time, tracing},
} 

@INPROCEEDINGS{wimmer.etal+09,
  author = {Christian Wimmer and Marcelo Silva Cintra and Michael Bebenita and
  Mason Chang and Andreas Gal and Michael Franz},
  title = {Phase detection using trace compilation},
  year = {2009},
  pages = {172-181},
  crossref = {pppj'09},
  doi = {10.1145/1596655.1596683},
  ee = {http://doi.acm.org/10.1145/1596655.1596683},
  timestamp = {2011.09.08}
}

@INPROCEEDINGS{wimmer.franz+10,
  author = {Christian Wimmer and Michael Franz},
  title = {Linear scan register allocation on SSA form},
  year = {2010},
  pages = {170-179},
  crossref = {cgo'10},
  doi = {10.1145/1772954.1772979},
  ee = {http://doi.acm.org/10.1145/1772954.1772979},
  timestamp = {2011.09.08}
}

@INPROCEEDINGS{yermolovich.etal+09,
  author = {Yermolovich, Alexander and Wimmer, Christian and Franz, Michael},
  title = {Optimization of dynamic languages using hierarchical layering of
  virtual machines},
  year = {2009},
  pages = {79--88},
  address = {New York, NY, USA},
  publisher = {ACM},
  crossref = {dls'09},
  doi = {10.1145/1640134.1640147},
  isbn = {978-1-60558-769-1},
  location = {Orlando, Florida, USA},
  timestamp = {2010.03.01}
}

@inproceedings{Wimmer+modularity+2012,
 author = {Wimmer, Christian and Brunthaler, Stefan and Larsen, Per and Franz, Michael},
 title = {Fine-grained Modularity and Reuse of Virtual Machine Components},
 booktitle = {Proceedings of the 11th Annual International Conference on Aspect-oriented Software Development},
 series = {AOSD '12},
 year = {2012},
 isbn = {978-1-4503-1092-5},
 location = {Potsdam, Germany},
 pages = {203--214},
 numpages = {12},
 url = {http://doi.acm.org/10.1145/2162049.2162073},
 doi = {10.1145/2162049.2162073},
 acmid = {2162073},
 publisher = {ACM},
 address = {New York, NY, USA},
 keywords = {dynamic languages, java, just-in-time compilation, languages, maxine, metacircular VM, modular VM, modularity, optimization, performance, virtual machine},
} 

##########################
# Non academic references
##########################
@misc{pypl,
  author = {{PYPL PopularitY of Programming Language}},
  howpublished = {\url{http://pypl.github.io/PYPL.html}}
}

@misc{v8,
    author = {{V8}},
    howpublished = {\url{http://code.google.com/p/v8}}
}

@misc{ruby,
    author = {{Ruby}},
    howpublished = {\url{http://www.ruby-lang.org/}}
}

@inproceedings{sasada+yarv+2005,
  title={YARV: yet another RubyVM: innovating the ruby interpreter},
  author={Sasada, Koichi},
  booktitle={Companion to the 20th annual ACM SIGPLAN conference on Object-oriented programming, systems, languages, and applications},
  pages={158--159},
  year={2005},
  organization={ACM}
}

@inproceedings{Furr+2009,
 author = {Furr, Michael and An, Jong-hoon (David) and Foster, Jeffrey S. and Hicks, Michael},
 title = {The Ruby Intermediate Language},
 booktitle = {Proceedings of the 5th Symposium on Dynamic Languages},
 series = {DLS '09},
 year = {2009},
 isbn = {978-1-60558-769-1},
 location = {Orlando, Florida, USA},
 pages = {89--98},
 numpages = {10},
 url = {http://doi.acm.org/10.1145/1640134.1640148},
 doi = {10.1145/1640134.1640148},
 acmid = {1640148},
 publisher = {ACM},
 address = {New York, NY, USA},
 keywords = {intermediate language, profile guided anlaysis, ril, ruby},
}

@misc{jruby,
    author = {{JRuby}},
    howpublished = {\url{http://www.jruby.org/}}
}

@misc{clojure,
    author = {{Clojure}},
    howpublished = {\url{http://www.clojure.org/}}
}

@misc{rhino,
    author = {{Mozilla Foundation}},
    title = {Rhino},
    howpublished = {\url{http://www.mozilla.org/rhino/}}
}

@misc{hotspot,
    author = {{Oracle Corporation}},
    title = {{The Java HotSpot Performance Engine Architecture}},
    year = 2006
}

@misc{jdk8,
    author = {{Oracle Corporation}},
    title = {{Java Platform Standard Edition 8 Documentation}},
    year = 2014
}

@misc{airbnb,
    author = {{Airbnb}},
    howpublished = {\url{http://www.airbnb.com/}}
}

@misc{hulu,
    author = {{Hulu}},
    howpublished = {\url{http://www.hulu.com/}}
}

@misc{quora,
    author = {{Quora}},
    howpublished = {\url{http://www.quora.com/}}
}

@misc{reddit,
    author = {{Reddit}},
    howpublished = {\url{http://www.reddit.com/}}
}

@inproceedings{Kennedy+2001,
 author = {Kennedy, Andrew and Syme, Don},
 title = {Design and Implementation of Generics for the .NET Common Language Runtime},
 booktitle = {Proceedings of the ACM SIGPLAN 2001 Conference on Programming Language Design and Implementation},
 series = {PLDI '01},
 year = {2001},
 isbn = {1-58113-414-2},
 location = {Snowbird, Utah, USA},
 pages = {1--12},
 numpages = {12},
 url = {http://doi.acm.org/10.1145/378795.378797},
 doi = {10.1145/378795.378797},
 acmid = {378797},
 publisher = {ACM},
 address = {New York, NY, USA},
}

@book{Gough+2001,
 author = {Gough, John John and Gough, K. John},
 title = {Compiling for the .Net Common Language Runtime},
 year = {2001},
 isbn = {0130622966},
 publisher = {Prentice Hall PTR},
 address = {Upper Saddle River, NJ, USA},
}

@inproceedings{kilgore2002open,
  title={Open source initiatives for simulation software: multi-language, open-source modeling using the microsoft. NET architecture},
  author={Kilgore, Richard A},
  booktitle={Proceedings of the 34th conference on Winter simulation: exploring new frontiers},
  pages={629--633},
  year={2002},
  organization={Winter Simulation Conference}
}

@inproceedings{hugunin2004ironpython,
  title={IronPython: A fast Python implementation for .NET and Mono},
  author={Hugunin, Jim and others},
  booktitle={PyCON 2004 International Python Conference},
  volume={8},
  year={2004}
}

@misc{jython,
    author = {{Jython}},
    howpublished = {\url{http://www.jython.org/}},
    year = 2017,
}

@misc{pypy,
    author = {{PyPy}},
    howpublished = {\url{http://www.pypy.org/}},
    year = 2017,
}

@misc{python,
    author = {{Python}},
    howpublished = {\url{http://www.python.org/}},
    year = 2017,
}

@misc{PEP255,
    author = {Schemenauer, Neil and Peters, Tim and Lie Hetland, Magnus},
    title = {{PEP, Python Enhancement Proposal, 255 Simple Generators}},
    howpublished = {\url{http://legacy.python.org/dev/peps/pep-0255/}}
}

@misc{ECMA262,
    author = {ECMA},
    title = {{Standard {ECMA}-262: ECMAScript Language Specification 6th Edition Draft}},
    howpublished = {\url{http://people.mozilla.org/~jorendorff/es6-draft.html}},
    year = 2014,
}

@misc{pypi,
    author = {{PyPI Ranking}},
    title = {{PyPI Python modules ranking}},
    howpublished = {\url{http://pypi-ranking.info/}}
}

@misc{github,
  author = {{GitHub}},
  howpublished = {\url{http://github.com/}}
}

@misc{unladen.swallow,
  title = {{Unladen Swallow}},
  howpublished = {\url{http://code.google.com/p/unladen-swallow/}},
  month = {August},
  year = {2010},
  owner = {tommy},
  timestamp = {2010.08.24}
}

@misc{pads,
  author = {David Eppstein},
  title = {{PADS, a library of Python Algorithms and Data Structures}},
  howpublished = {\url{http://www.ics.uci.edu/~eppstein/PADS/}}
}

@misc{projecteuler,
  title = {{Project Euler: Python Solutions}},
  howpublished = {\url{http://http://www.s-anand.net/euler.html/}}
}

@article{klimovitski2001using,
  title={Using SSE and SSE2: Misconceptions and reality},
  author={Klimovitski, Alex},
  journal={Intel developer update magazine},
  pages={3--8},
  year={2001}
}

#######################
# Interpreters
#######################
@inproceedings{jones2003abstract,
  title={Abstract syntax tree implementation idioms},
  author={Jones, Joel},
  booktitle={Proceedings of the 10th Conference on Pattern Languages of Programs (PLoP2003)},
  year={2003}
}

@inproceedings{davis2003case,
  title={The case for virtual register machines},
  author={Davis, Brian and Beatty, Andrew and Casey, Kevin and Gregg, David and Waldron, John},
  booktitle={Proceedings of the 2003 workshop on Interpreters, virtual machines and emulators},
  pages={41--49},
  year={2003},
  organization={ACM}
}

@ARTICLE{bell73,
  author = {James R. Bell},
  title = {Threaded code},
  journal = {Communications of the ACM},
  year = {1973},
  volume = {16},
  pages = {370--372},
  number = {6},
  doi = {10.1145/362248.362270},
  issn = {0001-0782},
  review = {the original reference for threaded code}
}

@INPROCEEDINGS{williams.etal+10,
  author = {Williams, Kevin and McCandless, Jason and Gregg, David},
  title = {Dynamic Interpretation for Dynamic Scripting Languages},
  year = {2010},
  pages = {278-287},
  month = {April},
  crossref = {cgo'10},
  doi = {http://doi.acm.org/10.1145/1772954.1772993},
  owner = {tommy},
  timestamp = {2010.05.17}
}

@INPROCEEDINGS{piumarta.riccardi+98,
  author = {Ian Piumarta and Fabio Riccardi},
  title = {Optimizing direct threaded code by selective inlining},
  year = {1998},
  pages = {291--300},
  address = {New York, NY, USA},
  publisher = {ACM},
  crossref = {pldi'98},
  doi = {10.1145/277650.277743},
  isbn = {0-89791-987-4},
  location = {Montreal, Quebec, Canada},
}

@BOOK{debaere.campenhout+90,
  author    = {Eddy H. Debaere and
               Jan M. van Campenhout},
  title     = {Interpretation and Instruction Path Coprocessing},
  publisher = {MIT Press},
  series    = {Computer systems},
  year      = {1990},
  isbn      = {978-0-262-04107-2},
  pages     = {I-IX, 1-192},
}

@ARTICLE{kogge+82,
  author    = {Peter M. Kogge},
  title     = {Am Architectural Trail to Threaded-Code Systems},
  journal   = {IEEE Computer},
  volume    = {15},
  number    = {3},
  year      = {1982},
  pages     = {22-32},
  ee        = {http://doi.ieeecomputersociety.org/10.1109/MC.1982.1653970},
}

@INPROCEEDINGS{ertl+01,
  author = {M. Anton Ertl},
  title = {Threaded code variations and optimizations},
  booktitle = {EuroForth},
  year = {2001},
  pages = {49--55},
  address = {TU Wien, Vienna, Austria}
}

@inproceedings{Berndl+2005,
 author = {Berndl, Marc and Vitale, Benjamin and Zaleski, Mathew and Brown, Angela Demke},
 title = {Context Threading: A Flexible and Efficient Dispatch Technique for Virtual Machine Interpreters},
 booktitle = {Proceedings of the international symposium on Code generation and optimization},
 series = {CGO '05},
 year = {2005},
 isbn = {0-7695-2298-X},
 pages = {15--26},
 numpages = {12},
 url = {http://dx.doi.org/10.1109/CGO.2005.14},
 doi = {10.1109/CGO.2005.14},
 acmid = {1048973},
 publisher = {IEEE Computer Society},
 address = {Washington, DC, USA},
} 

@ARTICLE{ertl.gregg+03,
  author = {M. Anton Ertl and David Gregg},
  title = {The Structure and Performance of Efficient Interpreters},
  journal = {Journal of Instruction-Level Parallelism},
  year = {2003},
  volume = {5},
  pages = {1-25},
  month = {November},
  bibsource = {DBLP, http://dblp.uni-trier.de},
  ee = {http://www.jilp.org/vol5/v5paper12.pdf}
}

@ARTICLE{shi.etal+08,
  author = {Yunhe Shi and Kevin Casey and M. Anton Ertl and David Gregg},
  title = {Virtual machine showdown: Stack versus registers},
  journal = {ACM Transactions on Architecture and Code Optimization},
  year = {2008},
  volume = {4},
  pages = {1--36},
  number = {4},
  doi = {http://doi.acm.org/10.1145/1328195.1328197},
  issn = {1544-3566}
}

@INPROCEEDINGS{ertl+95,
  author = {M. Anton Ertl},
  title = {Stack caching for interpreters},
  year = {1995},
  pages = {315--327},
  crossref = {pldi'95},
  doi = {http://doi.acm.org/10.1145/207110.207165},
  isbn = {0-89791-697-2}
}

@INPROCEEDINGS{ertl.gregg+04,
  author = {M. Anton Ertl and David Gregg},
  title = {Combining stack caching with dynamic superinstructions},
  year = {2004},
  pages = {7--14},
  crossref = {ivme'04},
  doi = {http://doi.acm.org/10.1145/1059579.1059583},
  isbn = {1-58113-909-8}
}

@INPROCEEDINGS{ertl.gregg+03a,
  author = {M. Anton Ertl and David Gregg},
  title = {Optimizing indirect branch prediction accuracy in virtual machine
  interpreters},
  year = {2003},
  pages = {278--288},
  address = {New York, NY, USA},
  publisher = {ACM},
  crossref = {pldi'03},
  doi = {http://doi.acm.org/10.1145/781131.781162},
  isbn = {1-58113-662-5},
  location = {San Diego, California, USA}
}

#######################
# Virtual Machines
#######################
@inproceedings{Deutsch1984,
 author = {Deutsch, L. Peter and Schiffman, Allan M.},
 title = {{Efficient implementation of the smalltalk-80 system}},
 booktitle = {Proceedings of the 11th ACM SIGACT-SIGPLAN symposium on Principles of programming languages},
 series = {POPL '84},
 year = {1984},
 isbn = {0-89791-125-3},
 location = {Salt Lake City, Utah, USA},
 pages = {297--302},
 numpages = {6},
 doi = {10.1145/800017.800542},
 acmid = {800542},
 publisher = {ACM},
 address = {New York, NY, USA},
}

@INPROCEEDINGS{ishizaki.etal+12,
  author = {Kazuaki Ishizaki and Takeshi Ogasawara and Jos{\'e} G. Castanos and
  Priya Nagpurkar and David Edelsohn and Toshio Nakatani},
  title = {Adding Dynamically-Typed Language Support to a Statically-Typed Language
  Compiler: Performance Evaluation, Analysis, and Tradeoffs},
  year = {2012},
  pages = {169--180},
  crossref = {vee'12},
  doi = {http://doi.acm.org/10.1145/2151024.2151047},
  owner = {tommy},
  timestamp = {2012.10.29}
}

@INPROCEEDINGS{holzle.ungar+94,
  author = {Urs H\"{o}lzle and David Ungar},
  title = {Optimizing Dynamically-Dispatched Calls with Run-Time Type Feedback},
  year = {1994},
  pages = {326--336},
  crossref = {pldi'94},
  doi = {http://doi.acm.org/10.1145/178243.178478},
  file = {:home/tommy/Desktop/PhD/related_work/type feedback PICS -- hoelzle, ungar -- pldi94.pdf:PDF},
  isbn = {0-89791-662-X}
}

@PHDTHESIS{holzle+94,
  author = {Urs H{\"o}lzle},
  title = {Adaptive Optimization for {SELF}: Reconciling High Performance with
  Exploratory Programming},
  school = {Stanford University},
  year = {1994},
  address = {Stanford, CA, USA},
  file = {:home/tommy/Desktop/PhD/related_work/hoelzle diss -- CS-TR-94-1520.pdf:PDF},
  order_no = {UMI Order No. GAX95-12396},
  publisher = {Stanford University}
}

@inproceedings{Holzle+1991,
 author = {H\"{o}lzle, Urs and Chambers, Craig and Ungar, David},
 title = {Optimizing Dynamically-Typed Object-Oriented Languages With Polymorphic Inline Caches},
 booktitle = {Proceedings of the European Conference on Object-Oriented Programming},
 series = {ECOOP '91},
 year = {1991},
 isbn = {3-540-54262-0},
 pages = {21--38},
 numpages = {18},
 url = {http://dl.acm.org/citation.cfm?id=646149.679193},
 acmid = {679193},
 publisher = {Springer-Verlag},
 address = {London, UK, UK},
} 

@inproceedings{Chambers+self+1989,
 author = {Chambers, C. and Ungar, D. and Lee, E.},
 title = {An Efficient Implementation of SELF a Dynamically-typed Object-oriented Language Based on Prototypes},
 booktitle = {Conference Proceedings on Object-oriented Programming Systems, Languages and Applications},
 series = {OOPSLA '89},
 year = {1989},
 isbn = {0-89791-333-7},
 location = {New Orleans, Louisiana, USA},
 pages = {49--70},
 numpages = {22},
 url = {http://doi.acm.org/10.1145/74877.74884},
 doi = {10.1145/74877.74884},
 acmid = {74884},
 publisher = {ACM},
 address = {New York, NY, USA},
} 

@article{Chambers+1989,
 author = {Chambers, C. and Ungar, D.},
 title = {Customization: Optimizing Compiler Technology for SELF, a Dynamically-typed Object-oriented Programming Language},
 journal = {SIGPLAN Not.},
 issue_date = {July 1989},
 volume = {24},
 number = {7},
 month = jun,
 year = {1989},
 issn = {0362-1340},
 pages = {146--160},
 numpages = {15},
 url = {http://doi.acm.org/10.1145/74818.74831},
 doi = {10.1145/74818.74831},
 acmid = {74831},
 publisher = {ACM},
 address = {New York, NY, USA},
}

@inproceedings{Holzle+self+1994,
 author = {H\"{o}lzle, Urs and Ungar, David},
 title = {A Third-generation SELF Implementation: Reconciling Responsiveness with Performance},
 booktitle = {Proceedings of the Ninth Annual Conference on Object-oriented Programming Systems, Language, and Applications},
 series = {OOPSLA '94},
 year = {1994},
 isbn = {0-89791-688-3},
 location = {Portland, Oregon, USA},
 pages = {229--243},
 numpages = {15},
 url = {http://doi.acm.org/10.1145/191080.191116},
 doi = {10.1145/191080.191116},
 acmid = {191116},
 publisher = {ACM},
 address = {New York, NY, USA},
}

@inproceedings{Holzle+debugging+1992,
 author = {H\"{o}lzle, Urs and Chambers, Craig and Ungar, David},
 title = {Debugging Optimized Code with Dynamic Deoptimization},
 booktitle = {Proceedings of the ACM SIGPLAN 1992 Conference on Programming Language Design and Implementation},
 series = {PLDI '92},
 year = {1992},
 isbn = {0-89791-475-9},
 location = {San Francisco, California, USA},
 pages = {32--43},
 numpages = {12},
 url = {http://doi.acm.org/10.1145/143095.143114},
 doi = {10.1145/143095.143114},
 acmid = {143114},
 publisher = {ACM},
 address = {New York, NY, USA},
}

@ARTICLE{aycock+03,
  author = {Aycock, John},
  title = {A brief history of just-in-time},
  journal = {ACM Computing Surveys},
  year = {2003},
  volume = {35},
  pages = {97--113},
  number = {2},
  address = {New York, NY, USA},
  doi = {http://doi.acm.org/10.1145/857076.857077},
  file = {:home/tommy/Desktop/PhD/related_work/aycock03jit.pdf:PDF},
  issn = {0360-0300},
  owner = {tommy},
  publisher = {ACM},
  timestamp = {2009.07.14}
}

@article{Richards+2010,
 author = {Richards, Gregor and Lebresne, Sylvain and Burg, Brian and Vitek, Jan},
 title = {An Analysis of the Dynamic Behavior of JavaScript Programs},
 journal = {SIGPLAN Not.},
 issue_date = {June 2010},
 volume = {45},
 number = {6},
 month = jun,
 year = {2010},
 issn = {0362-1340},
 pages = {1--12},
 numpages = {12},
 url = {http://doi.acm.org/10.1145/1809028.1806598},
 doi = {10.1145/1809028.1806598},
 acmid = {1806598},
 publisher = {ACM},
 address = {New York, NY, USA},
 keywords = {dynamic behavior, dynamic metrics, execution tracing, javascript, program analysis},
} 

#######################
# Hosted dyna lang VMs
#######################
@inproceedings{Castanos+2012,
 author = {Castanos, Jose and Edelsohn, David and Ishizaki, Kazuaki and Nagpurkar, Priya and Nakatani, Toshio and Ogasawara, Takeshi and Wu, Peng},
 title = {On the Benefits and Pitfalls of Extending a Statically Typed Language JIT Compiler for Dynamic Scripting Languages},
 booktitle = {Proceedings of the ACM International Conference on Object Oriented Programming Systems Languages and Applications},
 series = {OOPSLA '12},
 year = {2012},
 isbn = {978-1-4503-1561-6},
 location = {Tucson, Arizona, USA},
 pages = {195--212},
 numpages = {18},
 url = {http://doi.acm.org/10.1145/2384616.2384631},
 doi = {10.1145/2384616.2384631},
 acmid = {2384631},
 publisher = {ACM},
 address = {New York, NY, USA},
 keywords = {python, scripting languages},
} 

#######################
# Trace compilation
#######################
@inproceedings{Inoue+2012,
 author = {Inoue, Hiroshi and Hayashizaki, Hiroshige and Wu, Peng and Nakatani, Toshio},
 title = {Adaptive Multi-level Compilation in a Trace-based Java JIT Compiler},
 booktitle = {Proceedings of the ACM International Conference on Object Oriented Programming Systems Languages and Applications},
 series = {OOPSLA '12},
 year = {2012},
 isbn = {978-1-4503-1561-6},
 location = {Tucson, Arizona, USA},
 pages = {179--194},
 numpages = {16},
 url = {http://doi.acm.org/10.1145/2384616.2384630},
 doi = {10.1145/2384616.2384630},
 acmid = {2384630},
 publisher = {ACM},
 address = {New York, NY, USA},
 keywords = {JAVA, jit compiler, profiling, trace selection and compilation},
}

@INPROCEEDINGS{Inoue+2011,
  author={Inoue, H. and Hayashizaki, H. and Peng Wu and Nakatani, T.}, 
  booktitle={Code Generation and Optimization (CGO), 2011 9th Annual IEEE/ACM International Symposium on}, 
  title={A trace-based Java JIT compiler retrofitted from a method-based compiler}, 
  year={2011}, 
  month={April}, 
  pages={246-256}, 
  keywords={Java;just-in-time;optimisation;program compilers;compiler optimization;compiling languages;production-quality method-based JIT compiler;trace-based Java JIT compiler;Generators;Java;Magnetic heads;Optimization;Radiation detectors;Redundancy;Runtime;JIT;Java;trace-based compilation}, 
  doi={10.1109/CGO.2011.5764692},
}

#######################
# Java/JVM
#######################
@ARTICLE{kotzmann.etal+08,
  author = {Kotzmann, Thomas and Wimmer, Christian and M\"{o}ssenb\"{o}ck, Hanspeter
  and Rodriguez, Thomas and Russell, Kenneth and Cox, David},
  title = {Design of the {Java HotSpot}\texttrademark{} client compiler for {Java} 6},
  journal = {ACM Transactions on Architecture and Code Optimization (TACO)},
  year = {2008},
  volume = {5},
  pages = {1--32},
  number = {1},
  address = {New York, NY, USA},
  doi = {http://doi.acm.org/10.1145/1369396.1370017},
  file = {:home/tommy/Desktop/PhD/related_work/design hotspot client compiler 2008.pdf:PDF},
  issn = {1544-3566},
  owner = {tommy},
  publisher = {ACM},
  timestamp = {2009.07.14}
}

@inproceedings{paleczny.etal+01,
 author = {Paleczny, Michael and Vick, Christopher and Click, Cliff},
 title = {The {Java HotSpot}\texttrademark{} server compiler},
 booktitle = {Proceedings of the 2001 Symposium on Java Virtual Machine Research and Technology - Volume 1},
 series = {JVM'01},
 year = {2001},
 location = {Monterey, California},
 pages = {1--12},
 url = {http://dl.acm.org/citation.cfm?id=1267847.1267848},
 acmid = {1267848},
 publisher = {USENIX Association},
 address = {Berkeley, CA, USA},
}

#######################
# Oracle Labs
#######################
@inproceedings{Humer+2014,
 author = {Humer, Christian and Wimmer, Christian and Wirth, Christian and W\"{o}\ss, Andreas and W\"{u}rthinger, Thomas},
 title = {A Domain-specific Language for Building Self-optimizing AST Interpreters},
 booktitle = {Proceedings of the 2014 International Conference on Generative Programming: Concepts and Experiences},
 series = {GPCE 2014},
 year = {2014},
 isbn = {978-1-4503-3161-6},
 location = {V\"aster\"ws, Sweden},
 pages = {123--132},
 numpages = {10},
 url = {http://doi.acm.org/10.1145/2658761.2658776},
 doi = {10.1145/2658761.2658776},
 acmid = {2658776},
 publisher = {ACM},
 address = {New York, NY, USA},
 keywords = {Java, domain-specific languages, dynamic languages, language implementation, self-optimizing programs},
}

@inproceedings{Wurthinger+12,
 author = {W\"{u}rthinger, Thomas and W\"{o}\ss, Andreas and Stadler, Lukas and Duboscq, Gilles and Simon, Doug and Wimmer, Christian},
 title = {{Self-optimizing AST Interpreters}},
 booktitle = {Proceedings of the 8th Symposium on Dynamic Languages},
 series = {DLS '12},
 year = {2012},
 isbn = {978-1-4503-1564-7},
 location = {Tucson, Arizona, USA},
 pages = {73--82},
 numpages = {10},
 doi = {10.1145/2384577.2384587},
 acmid = {2384587},
 publisher = {ACM},
 address = {New York, NY, USA},
 keywords = {dynamic languages, java, javascript, language implementation, optimization, virtual machine},
}

@inproceedings{Wurthinger+13,
 author = {W\"{u}rthinger, Thomas and Wimmer, Christian and W\"{o}\ss, Andreas and Stadler, Lukas and Duboscq, Gilles and Humer, Christian and Richards, Gregor and Simon, Doug and Wolczko, Mario},
 title = {{One VM to Rule Them All}},
 booktitle = {Proceedings of the 2013 ACM International Symposium on New Ideas, New Paradigms, and Reflections on Programming \& Software},
 series = {Onward! '13},
 year = {2013},
 isbn = {978-1-4503-2472-4},
 location = {Indianapolis, Indiana, USA},
 pages = {187--204},
 numpages = {18},
 doi = {10.1145/2509578.2509581},
 acmid = {2509581},
 publisher = {ACM},
 address = {New York, NY, USA},
 keywords = {dynamic languages, java, javascript, language implementation, optimization, virtual machine},
}

@inproceedings{seaton2014debugging,
  title={Debugging at full speed},
  author={Seaton, Chris and Van De Vanter, Michael L and Haupt, Michael},
  booktitle={Proceedings of the Workshop on Dynamic Languages and Applications},
  pages={1--13},
  year={2014},
  organization={ACM}
}

@inproceedings{Grimmer+2013,
 author = {Grimmer, Matthias and Rigger, Manuel and Stadler, Lukas and Schatz, Roland and M\"{o}ssenb\"{o}ck, Hanspeter},
 title = {An Efficient Native Function Interface for Java},
 booktitle = {Proceedings of the 2013 International Conference on Principles and Practices of Programming on the Java Platform: Virtual Machines, Languages, and Tools},
 series = {PPPJ '13},
 year = {2013},
 isbn = {978-1-4503-2111-2},
 location = {Stuttgart, Germany},
 pages = {35--44},
 numpages = {10},
 url = {http://doi.acm.org/10.1145/2500828.2500832},
 doi = {10.1145/2500828.2500832},
 acmid = {2500832},
 publisher = {ACM},
 address = {New York, NY, USA},
 keywords = {Graal, JNA, JNI, Java, Truffle, jblas, native code, native function interface, optimization},
}

@inproceedings{Grimmer+2014,
 author = {Grimmer, Matthias and W\"{u}rthinger, Thomas and W\"{o}\ss, Andreas and M\"{o}ssenb\"{o}ck, Hanspeter},
 title = {An Efficient Approach for Accessing C Data Structures from JavaScript},
 booktitle = {Proceedings of the 9th International Workshop on Implementation, Compilation, Optimization of Object-Oriented Languages, Programs and Systems PLE},
 series = {ICOOOLPS '14},
 year = {2014},
 isbn = {978-1-4503-2914-9},
 location = {Uppsala, Sweden},
 pages = {1:1--1:4},
 articleno = {1},
 numpages = {4},
 url = {http://doi.acm.org/10.1145/2633301.2633302},
 doi = {10.1145/2633301.2633302},
 acmid = {2633302},
 publisher = {ACM},
 address = {New York, NY, USA},
 keywords = {C, JavaScript, language implementation, language interoperability, optimization, typed arrays, virtual machine},
}

@inproceedings{Grimmer+2014TruffleC,
 author = {Grimmer, Matthias and Rigger, Manuel and Schatz, Roland and Stadler, Lukas and M\"{o}ssenb\"{o}ck, Hanspeter},
 title = {TruffleC: Dynamic Execution of C on a Java Virtual Machine},
 booktitle = {Proceedings of the 2014 International Conference on Principles and Practices of Programming on the Java Platform: Virtual Machines, Languages, and Tools},
 series = {PPPJ '14},
 year = {2014},
 isbn = {978-1-4503-2926-2},
 location = {Cracow, Poland},
 pages = {17--26},
 numpages = {10},
 url = {http://doi.acm.org/10.1145/2647508.2647528},
 doi = {10.1145/2647508.2647528},
 acmid = {2647528},
 publisher = {ACM},
 address = {New York, NY, USA},
 keywords = {C, Java, dynamic compilation, language implementation, optimization, truffle, virtual machine},
} 

@inproceedings{grimmer2015dynamically,
  title={Dynamically composing languages in a modular way: supporting C extensions for dynamic languages},
  author={Grimmer, Matthias and Seaton, Chris and W{\"u}rthinger, Thomas and M{\"o}ssenb{\"o}ck, Hanspeter},
  booktitle={Proceedings of the 14th International Conference on Modularity},
  pages={1--13},
  year={2015},
  organization={ACM}
}

@inproceedings{Grimmer+2014interoperability,
 author = {Grimmer, Matthias},
 title = {High-performance Language Interoperability in Multi-language Runtimes},
 booktitle = {Proceedings of the Companion Publication of the 2014 ACM SIGPLAN Conference on Systems, Programming, and Applications: Software for Humanity},
 series = {SPLASH '14},
 year = {2014},
 isbn = {978-1-4503-3208-8},
 location = {Portland, Oregon, USA},
 pages = {17--19},
 numpages = {3},
 url = {http://doi.acm.org/10.1145/2660252.2660256},
 doi = {10.1145/2660252.2660256},
 acmid = {2660256},
 publisher = {ACM},
 address = {New York, NY, USA},
 keywords = {cross-language, language implementation, language interoperability, optimization, virtual machine},
} 

@inproceedings{WoB+2014,
 author = {W\"{o}\ss, Andreas and Wirth, Christian and Bonetta, Daniele and Seaton, Chris and Humer, Christian and M\"{o}ssenb\"{o}ck, Hanspeter},
 title = {An Object Storage Model for the Truffle Language Implementation Framework},
 booktitle = {Proceedings of the 2014 International Conference on Principles and Practices of Programming on the Java Platform: Virtual Machines, Languages, and Tools},
 series = {PPPJ '14},
 year = {2014},
 isbn = {978-1-4503-2926-2},
 location = {Cracow, Poland},
 pages = {133--144},
 numpages = {12},
 url = {http://doi.acm.org/10.1145/2647508.2647517},
 doi = {10.1145/2647508.2647517},
 acmid = {2647517},
 publisher = {ACM},
 address = {New York, NY, USA},
 keywords = {Java, JavaScript, Ruby, Truffle, dynamic languages, language implementation, optimization, virtual machine},
} 

@article{Wimmer2013,
 author = {Wimmer, Christian and Haupt, Michael and Van De Vanter, Michael L. and Jordan, Mick and Dayn\`{e}s, Laurent and Simon, Douglas},
 title = {Maxine: An Approachable Virtual Machine for, and in, Java},
 journal = {ACM Trans. Archit. Code Optim.},
 issue_date = {January 2013},
 volume = {9},
 number = {4},
 month = jan,
 year = {2013},
 issn = {1544-3566},
 pages = {30:1--30:24},
 articleno = {30},
 numpages = {24},
 url = {http://doi.acm.org/10.1145/2400682.2400689},
 doi = {10.1145/2400682.2400689},
 acmid = {2400689},
 publisher = {ACM},
 address = {New York, NY, USA},
 keywords = {Java, Maxine VM, VM design, VM interfaces, debugging, inspector, metacircular VM, tool support},
}

@INPROCEEDINGS{Kulkarni+2013, 
  author={Kulkarni, S. and Cavazos, J. and Wimmer, C. and Simon, D.}, 
  booktitle={Code Generation and Optimization (CGO), 2013 IEEE/ACM International Symposium on}, 
  title={Automatic construction of inlining heuristics using machine learning}, 
  year={2013}, 
  month={Feb}, 
  pages={1-12}, 
  keywords={learning (artificial intelligence);neural nets;program compilers;Java HotSpot server compiler;Maxine VM C1X compiler;callee method;caller method;inlining decision;inlining heuristics;machine learning;method inlining;neural network;neuro-evolution technique;program running time;Benchmark testing;Context;Decision trees;Measurement;Neural networks;Optimization;Training}, 
  doi={10.1109/CGO.2013.6495004},
}

@inproceedings{Titzer+2010,
 author = {Titzer, Ben L. and W\"{u}rthinger, Thomas and Simon, Doug and Cintra, Marcelo},
 title = {Improving Compiler-runtime Separation with XIR},
 booktitle = {Proceedings of the 6th ACM SIGPLAN/SIGOPS International Conference on Virtual Execution Environments},
 series = {VEE '10},
 year = {2010},
 isbn = {978-1-60558-910-7},
 location = {Pittsburgh, Pennsylvania, USA},
 pages = {39--50},
 numpages = {12},
 url = {http://doi.acm.org/10.1145/1735997.1736005},
 doi = {10.1145/1735997.1736005},
 acmid = {1736005},
 publisher = {ACM},
 address = {New York, NY, USA},
 keywords = {JIT, compilers, intermediate representations, java, lowering, object model, register allocation, runtime interface, software architecture, virtual machines},
} 

@inproceedings{duboscq2013graal,
  title={Graal IR: An extensible declarative intermediate representation},
  author={Duboscq, Gilles and Stadler, Lukas and W{\"u}rthinger, Thomas and Simon, Doug and Wimmer, Christian and M{\"o}ssenb{\"o}ck, Hanspeter},
  booktitle={Proceedings of the Asia-Pacific Programming Languages and Compilers Workshop},
  year={2013}
}

@inproceedings{stadler2014partial,
  title={Partial escape analysis and scalar replacement for Java},
  author={Stadler, Lukas and W{\"u}rthinger, Thomas and M{\"o}ssenb{\"o}ck, Hanspeter},
  booktitle={Proceedings of Annual IEEE/ACM International Symposium on Code Generation and Optimization},
  pages={165},
  year={2014},
  organization={ACM}
}

@inproceedings{marrzero,
  title = {Zero-Overhead Metaprogramming: Reflection and Metaobject Protocols Fast and without Compromises},
  author = {Marr, Stefan and Seaton, Chris and Ducasse, St{\'e}phane},
  booktitle = {Proceedings of the 36th Conference on Programming Language Design and Implementation},
  series = {PLDI '15},
  year = {2015},
  organization = {ACM}
}

#############################
# Coroutine stuff
#############################
@article{Liskov1977,
 author = {Liskov, Barbara and Snyder, Alan and Atkinson, Russell and Schaffert, Craig},
 title = {{Abstraction Mechanisms in CLU}},
 journal = {Communications of the ACM},
 issue_date = {Aug. 1977},
 volume = {20},
 number = {8},
 month = aug,
 year = {1977},
 issn = {0001-0782},
 pages = {564--576},
 numpages = {13},
 doi = {10.1145/359763.359789},
 acmid = {359789},
 publisher = {ACM},
 address = {New York, NY, USA},
 keywords = {control abstractions, data abstractions, data types, programming languages, programming methodology, separate compilation},
}

@inproceedings{Atkinson1978CLU,
 author = {Atkinson, Russell R. and Liskov, Barbara H. and Scheifler, Robert W.},
 title = {{Aspects Of Implementing CLU}},
 booktitle = {Proceedings of the 1978 Annual Conference},
 series = {ACM '78},
 year = {1978},
 isbn = {0-89791-000-1},
 location = {Washington, D.C., USA},
 pages = {123--129},
 numpages = {7},
 doi = {10.1145/800127.804079},
 acmid = {804079},
 publisher = {ACM},
 address = {New York, NY, USA},
 keywords = {CLU, Exception handling, Implementation methods, Iterators, Parameterized modules, Programming language},
}

@article{Murer1996,
 author = {Murer, Stephan and Omohundro, Stephen and Stoutamire, David and Szyperski, Clemens},
 title = {{Iteration Abstraction in Sather}},
 journal = {ACM Transactions on Programming Languages and Systems},
 issue_date = {Jan. 1996},
 volume = {18},
 number = {1},
 month = jan,
 year = {1996},
 issn = {0164-0925},
 pages = {1--15},
 numpages = {15},
 doi = {10.1145/225540.225541},
 acmid = {225541},
 publisher = {ACM},
 address = {New York, NY, USA},
 keywords = {Sather, general control structures, iteration abstraction},
}

@article{Griswold1981generators,
 author = {Griswold, Ralph E. and Hanson, David R. and Korb, John T.},
 title = {Generators in Icon},
 journal = {ACM Transactions on Programming Languages and Systems},
 issue_date = {April 1981},
 volume = {3},
 number = {2},
 month = apr,
 year = {1981},
 issn = {0164-0925},
 pages = {144--161},
 numpages = {18},
 doi = {10.1145/357133.357136},
 acmid = {357136},
 publisher = {ACM},
 address = {New York, NY, USA},
}

@article{Grune1977view,
 author = {Grune, Dick},
 title = {{A View of Coroutines}},
 journal = {SIGPLAN Not.},
 issue_date = {July 1977},
 volume = {12},
 number = {7},
 month = jul,
 year = {1977},
 issn = {0362-1340},
 pages = {75--81},
 numpages = {7},
 doi = {10.1145/954639.954644},
 acmid = {954644},
 publisher = {ACM},
 address = {New York, NY, USA},
}


@inproceedings{Liu:2006JMatch,
 author = {Liu, Jed and Kimball, Aaron and Myers, Andrew C.},
 title = {{Interruptible Iterators}},
 booktitle = {Proceedings of the 33rd ACM SIGPLAN-SIGACT Symposium on Principles of Programming Languages},
 series = {POPL '06},
 year = {2006},
 isbn = {1-59593-027-2},
 location = {Charleston, South Carolina, USA},
 pages = {283--294},
 numpages = {12},
 doi = {10.1145/1111037.1111063},
 acmid = {1111063},
 publisher = {ACM},
 address = {New York, NY, USA},
 keywords = {JMatch, Java, coroutine, exception, logic programming},
}

@inproceedings{watt2006technique,
 author = {Watt, Stephen M.},
 title = {{A Technique for Generic Iteration and Its Optimization}},
 booktitle = {Proceedings of the 2006 ACM SIGPLAN Workshop on Generic Programming},
 series = {WGP '06},
 year = {2006},
 isbn = {1-59593-492-8},
 location = {Portland, Oregon, USA},
 pages = {76--86},
 numpages = {11},
 doi = {10.1145/1159861.1159872},
 acmid = {1159872},
 publisher = {ACM},
 address = {New York, NY, USA},
 keywords = {generic program, iterators},
}

@article{de2004coroutines,
  title={{Coroutines in Lua}},
  author={De Moura, Ana L{\'u}cia and Rodriguez, Noemi and Ierusalimschy, Roberto},
  journal={Journal of Universal Computer Science},
  volume={10},
  number={7},
  pages={910--925},
  year={2004}
}

@article{Moura2009,
 author = {Moura, Ana L\'{u}cia De and Ierusalimschy, Roberto},
 title = {{Revisiting Coroutines}},
 journal = {ACM Transactions on Programming Languages and Systems},
 issue_date = {February 2009},
 volume = {31},
 number = {2},
 month = feb,
 year = {2009},
 issn = {0164-0925},
 pages = {6:1--6:31},
 articleno = {6},
 numpages = {31},
 doi = {10.1145/1462166.1462167},
 acmid = {1462167},
 publisher = {ACM},
 address = {New York, NY, USA},
 keywords = {Continuations, generators, multitasking},
}

@inproceedings{Stadler2010,
 author = {Stadler, Lukas and W\"{u}rthinger, Thomas and Wimmer, Christian},
 title = {{Efficient Coroutines for the Java Platform}},
 booktitle = {Proceedings of the 8th International Conference on the Principles and Practice of Programming in Java},
 series = {PPPJ '10},
 year = {2010},
 isbn = {978-1-4503-0269-2},
 location = {Vienna, Austria},
 pages = {20--28},
 numpages = {9},
 doi = {10.1145/1852761.1852765},
 acmid = {1852765},
 publisher = {ACM},
 address = {New York, NY, USA},
 keywords = {Java, activation, coroutine, optimization, performance, stack frame, virtual machine},
}

#######################
# PyPy
#######################
@inproceedings{Rigo2006,
 author = {Rigo, Armin and Pedroni, Samuele},
 title = {{PyPy's Approach to Virtual Machine Construction}},
 booktitle = {Companion to the 21st ACM SIGPLAN Symposium on Object-oriented Programming Systems, Languages, and Applications},
 series = {OOPSLA '06},
 year = {2006},
 isbn = {1-59593-491-X},
 location = {Portland, Oregon, USA},
 pages = {944--953},
 numpages = {10},
 doi = {10.1145/1176617.1176753},
 acmid = {1176753},
 publisher = {ACM},
 address = {New York, NY, USA},
 keywords = {Python, metacircularity, retargettable code generation, type inference, virtual machine},
} 

@inproceedings{Bolz.etal09,
 author = {Bolz, Carl Friedrich and Cuni, Antonio and Fija\l{}kowski, Maciej and Rigo, Armin},
 title = {{Tracing the Meta-level: PyPy's Tracing JIT Compiler}},
 booktitle = {Proceedings of the 4th Workshop on the Implementation, Compilation, Optimization of Object-Oriented Languages and Programming Systems},
 series = {ICOOOLPS '09},
 year = {2009},
 isbn = {978-1-60558-541-3},
 location = {Genova, Italy},
 pages = {18--25},
 numpages = {8},
 doi = {10.1145/1565824.1565827},
 acmid = {1565827},
 publisher = {ACM},
 address = {New York, NY, USA},
}

@inproceedings{Bolz+2011,
 author = {Bolz, Carl Friedrich and Cuni, Antonio and Fija\l{}kowski, Maciej and Leuschel, Michael and Pedroni, Samuele and Rigo, Armin},
 title = {Runtime Feedback in a Meta-tracing JIT for Efficient Dynamic Languages},
 booktitle = {Proceedings of the 6th Workshop on Implementation, Compilation, Optimization of Object-Oriented Languages, Programs and Systems},
 series = {ICOOOLPS '11},
 year = {2011},
 isbn = {978-1-4503-0894-6},
 location = {Lancaster, United Kingdom},
 pages = {9:1--9:8},
 articleno = {9},
 numpages = {8},
 url = {http://doi.acm.org/10.1145/2069172.2069181},
 doi = {10.1145/2069172.2069181},
 acmid = {2069181},
 publisher = {ACM},
 address = {New York, NY, USA},
 keywords = {code generation, interpreter, meta-programming, runtime feedback, tracing JIT},
}

@inproceedings{Bolz+alloc+2011,
 author = {Bolz, Carl Friedrich and Cuni, Antonio and Fija\l{}kowski, Maciej and Leuschel, Michael and Pedroni, Samuele and Rigo, Armin},
 title = {Allocation Removal by Partial Evaluation in a Tracing JIT},
 booktitle = {Proceedings of the 20th ACM SIGPLAN Workshop on Partial Evaluation and Program Manipulation},
 series = {PEPM '11},
 year = {2011},
 isbn = {978-1-4503-0485-6},
 location = {Austin, Texas, USA},
 pages = {43--52},
 numpages = {10},
 url = {http://doi.acm.org/10.1145/1929501.1929508},
 doi = {10.1145/1929501.1929508},
 acmid = {1929508},
 publisher = {ACM},
 address = {New York, NY, USA},
 keywords = {optimization, partial evaluation, tracing jit},
} 

@article{bolz.etal+15,
    author = {Bolz, Carl Friedrich and Tratt, Laurence},
    title = {The impact of meta-tracing on VM design and implementation},
    journal = {SCICO},
    year = {2015},
    month = Feb,
    pages = {408-421},
    doi = {10.1016/j.scico.2013.02.001},
}

@inproceedings{Bolz+2013,
 author = {Bolz, Carl Friedrich and Diekmann, Lukas and Tratt, Laurence},
 title = {Storage Strategies for Collections in Dynamically Typed Languages},
 booktitle = {Proceedings of the 2013 ACM SIGPLAN International Conference on Object Oriented Programming Systems Languages \& Applications},
 series = {OOPSLA '13},
 year = {2013},
 isbn = {978-1-4503-2374-1},
 location = {Indianapolis, Indiana, USA},
 pages = {167--182},
 numpages = {16},
 url = {http://doi.acm.org/10.1145/2509136.2509531},
 doi = {10.1145/2509136.2509531},
 acmid = {2509531},
 publisher = {ACM},
 address = {New York, NY, USA},
 keywords = {collection types, dynamic typing, implementation, memory optimization},
}

@inproceedings{Ardo+2012,
 author = {Ard\"{o}, H{\aa}kan and Bolz, Carl Friedrich and FijaBkowski, Maciej},
 title = {Loop-aware Optimizations in PyPy's Tracing JIT},
 booktitle = {Proceedings of the 8th Symposium on Dynamic Languages},
 series = {DLS '12},
 year = {2012},
 isbn = {978-1-4503-1564-7},
 location = {Tucson, Arizona, USA},
 pages = {63--72},
 numpages = {10},
 url = {http://doi.acm.org/10.1145/2384577.2384586},
 doi = {10.1145/2384577.2384586},
 acmid = {2384586},
 publisher = {ACM},
 address = {New York, NY, USA},
 keywords = {loop-invariant code motion, optimization, tracing JIT},
}

@inproceedings{Schneider+2012,
 author = {Schneider, David and Bolz, Carl Friedrich},
 title = {The Efficient Handling of Guards in the Design of RPython's Tracing JIT},
 booktitle = {Proceedings of the Sixth ACM Workshop on Virtual Machines and Intermediate Languages},
 series = {VMIL '12},
 year = {2012},
 isbn = {978-1-4503-1633-0},
 location = {Tucson, Arizona, USA},
 pages = {3--12},
 numpages = {10},
 url = {http://doi.acm.org/10.1145/2414740.2414743},
 doi = {10.1145/2414740.2414743},
 acmid = {2414743},
 publisher = {ACM},
 address = {New York, NY, USA},
 keywords = {deoptimization, guards, tracing jit},
}

#######################
# Other
#######################
@misc{benchmarkgame,
    author = {Brent Fulgham},
    title = {The Computer Language Benchmarks Game},
    year = {2002},
    url = {http://http://benchmarksgame.alioth.debian.org/},
    lastaccessed = {January 10th, 2012}
}
